@article{piwowar2007sharing,
  title={Sharing detailed research data is associated with increased citation rate},
  author={Piwowar, Heather A and Day, Roger S and Fridsma, Douglas B},
  journal={PloS one},
  volume={2},
  number={3},
  pages={e308},
  year={2007},
  publisher={Public Library of Science}
}

@article{savage2009empirical,
  title={Empirical study of data sharing by authors publishing in PLoS journals},
  author={Savage, Caroline J and Vickers, Andrew J},
  journal={PloS one},
  volume={4},
  number={9},
  pages={e7078},
  year={2009}
}

@article{piwowar2011shares,
  title={Who shares? Who doesnâ€™t? Factors associated with openly archiving raw research data},
  author={Piwowar, Heather A},
  journal={PloS one},
  volume={6},
  number={7},
  pages={e18657},
  year={2011},
  publisher={Public Library of Science}
}

@article{tenopir2011data,
  title={Data sharing by scientists: practices and perceptions},
  author={Tenopir, Carol and Allard, Suzie and Douglass, Kimberly and Aydinoglu, Arsev Umur and Wu, Lei and Read, Eleanor and Manoff, Maribeth and Frame, Mike},
  journal={PloS one},
  volume={6},
  number={6},
  pages={e21101},
  year={2011},
  publisher={Public Library of Science}
}

@article{whitlock2011data,
  title={Data archiving in ecology and evolution: best practices},
  author={Whitlock, Michael C},
  journal={Trends in Ecology \& Evolution},
  volume={26},
  number={2},
  pages={61--65},
  year={2011},
  publisher={Elsevier}
}

@article{wicherts2006poor,
  title={The poor availability of psychological research data for reanalysis.},
  author={Wicherts, Jelte M and Borsboom, Denny and Kats, Judith and Molenaar, Dylan},
  journal={American Psychologist},
  volume={61},
  number={7},
  pages={726},
  year={2006},
  publisher={American Psychological Association}
}

@article{alsheikh2011public,
  title={Public availability of published research data in high-impact journals},
  author={Alsheikh-Ali, Alawi A and Qureshi, Waqas and Al-Mallah, Mouaz H and Ioannidis, John PA},
  journal={PloS one},
  volume={6},
  number={9},
  pages={e24357},
  year={2011},
  publisher={Public Library of Science}
}

@article{piwowar2011data,
  title={Data archiving is a good investment},
  author={Piwowar, Heather A and Vision, Todd J and Whitlock, Michael C},
  journal={Nature},
  volume={473},
  number={7347},
  pages={285--285},
  year={2011},
  publisher={Nature Publishing Group}
}

@article{hrynaszkiewicz2010preparing,
  title={Preparing raw clinical data for publication: guidance for journal editors, authors, and peer reviewers},
  author={Hrynaszkiewicz, Iain and Norton, Melissa L and Vickers, Andrew J and Altman, Douglas G and others},
  journal={BMJ (CR)-print},
  volume={340},
  number={8},
  pages={c181},
  year={2010}
}

@article{DBLP:journals/jasis/Borgman12,
  author    = {Christine L. Borgman},
  title     = {The conundrum of sharing research data},
  journal   = {{JASIST}},
  volume    = {63},
  number    = {6},
  pages     = {1059--1078},
  year      = {2012},
  url       = {http://dx.doi.org/10.1002/asi.22634},
  doi       = {10.1002/asi.22634},
  timestamp = {Thu, 14 Jun 2012 14:51:12 +0200},
  biburl    = {http://dblp.uni-trier.de/rec/bib/journals/jasis/Borgman12},
  bibsource = {dblp computer science bibliography, http://dblp.org}
}

@inproceedings{DBLP:conf/isiwi/AlamMS15,
  author    = {Andias Wira Alam and
               Stefan M{\"{u}}ller and
               Natascha Schumann},
  title     = {datorium: Sharing Platform for Social Science Data - Deposit and Publish
               Research Data for Better Visibility},
  booktitle = {Re:inventing Information Science in the Networked Society. Proceedings
               of the 14th International Symposium on Information Science, {ISI}
               2015, Zadar, Croatia, May 19-21, 2015.},
  pages     = {244--249},
  year      = {2015},
  crossref  = {DBLP:conf/isiwi/2015},
  timestamp = {Wed, 20 May 2015 14:41:40 +0200},
  biburl    = {http://dblp.uni-trier.de/rec/bib/conf/isiwi/AlamMS15},
  bibsource = {dblp computer science bibliography, http://dblp.org}
}

@proceedings{DBLP:conf/isiwi/2015,
  editor    = {Franjo Pehar and
               Christian Schl{\"{o}}gl and
               Christian Wolff},
  title     = {Re:inventing Information Science in the Networked Society. Proceedings
               of the 14th International Symposium on Information Science, {ISI}
               2015, Zadar, Croatia, May 19-21, 2015},
  series    = {Schriften zur Informationswissenschaft},
  volume    = {66},
  publisher = {Verlag Werner H{\"{u}}lsbusch},
  year      = {2015},
  isbn      = {978-3-86488-081-0},
  timestamp = {Wed, 20 May 2015 14:41:40 +0200},
  biburl    = {http://dblp.uni-trier.de/rec/bib/conf/isiwi/2015},
  bibsource = {dblp computer science bibliography, http://dblp.org}
}

@inproceedings{DBLP:conf/jcdl/SimonGSG15,
  author    = {Dylan A. Simon and
               Andrew S. Gordon and
               Lisa Steiger and
               Rick O. Gilmore},
  title     = {Databrary: Enabling Sharing and Reuse of Research Video},
  booktitle = {Proceedings of the 15th {ACM/IEEE-CE} on Joint Conference on Digital
               Libraries, Knoxville, TN, USA, June 21-25, 2015},
  pages     = {279--280},
  year      = {2015},
  crossref  = {DBLP:conf/jcdl/2015},
  url       = {http://doi.acm.org/10.1145/2756406.2756951},
  doi       = {10.1145/2756406.2756951},
  timestamp = {Mon, 15 Jun 2015 14:08:23 +0200},
  biburl    = {http://dblp.uni-trier.de/rec/bib/conf/jcdl/SimonGSG15},
  bibsource = {dblp computer science bibliography, http://dblp.org}
}

@proceedings{DBLP:conf/jcdl/2015,
  editor    = {Paul Logasa Bogen II and
               Suzie Allard and
               Holly Mercer and
               Micah Beck and
               Sally Jo Cunningham and
               Dion Hoe{-}Lian Goh and
               Geneva Henry},
  title     = {Proceedings of the 15th {ACM/IEEE-CE} on Joint Conference on Digital
               Libraries, Knoxville, TN, USA, June 21-25, 2015},
  publisher = {{ACM}},
  year      = {2015},
  url       = {http://dl.acm.org/citation.cfm?id=2756406},
  isbn      = {978-1-4503-3594-2},
  timestamp = {Mon, 15 Jun 2015 14:00:20 +0200},
  biburl    = {http://dblp.uni-trier.de/rec/bib/conf/jcdl/2015},
  bibsource = {dblp computer science bibliography, http://dblp.org}
}

@article{DBLP:journals/dlib/BermanWW14,
  author    = {Fran Berman and
               Ross Wilkinson and
               John Wood},
  title     = {Building Global Infrastructure for Data Sharing and Exchange Through
               the Research Data Alliance},
  journal   = {D-Lib Magazine},
  volume    = {20},
  number    = {1/2},
  year      = {2014},
  url       = {http://www.dlib.org/dlib/january14/01guest_editorial.html},
  timestamp = {Mon, 31 Mar 2014 12:35:23 +0200},
  biburl    = {http://dblp.uni-trier.de/rec/bib/journals/dlib/BermanWW14},
  bibsource = {dblp computer science bibliography, http://dblp.org}
}

@article{DBLP:journals/jam/NohCJ14a,
  author    = {Geontae Noh and
               Ji Young Chun and
               Ik Rae Jeong},
  title     = {Sharing Privacy Protected and Statistically Sound Clinical Research
               Data Using Outsourced Data Storage},
  journal   = {J. Applied Mathematics},
  volume    = {2014},
  pages     = {381361:1--381361:12},
  year      = {2014},
  url       = {http://dx.doi.org/10.1155/2014/381361},
  doi       = {10.1155/2014/381361},
  timestamp = {Mon, 01 Jun 2015 17:09:43 +0200},
  biburl    = {http://dblp.uni-trier.de/rec/bib/journals/jam/NohCJ14a},
  bibsource = {dblp computer science bibliography, http://dblp.org}
}

@inproceedings{DBLP:conf/ACMdis/CurmiFW14a,
  author    = {Franco Curmi and
               Maria Angela Ferrario and
               Jon Whittle},
  title     = {BioShare: a research tool for analyzing social networks effects when
               sharing biometric data},
  booktitle = {Companion Publication of the 2014 {ACM} {SIGCHI} Conference on Designing
               Interactive Systems Conference, {DIS} '14, Vancouver, BC, Canada,
               June 21-25, 2014},
  pages     = {101--104},
  year      = {2014},
  crossref  = {DBLP:conf/ACMdis/2014c},
  url       = {http://doi.acm.org/10.1145/2598784.2602793},
  doi       = {10.1145/2598784.2602793},
  timestamp = {Tue, 24 Jun 2014 08:37:49 +0200},
  biburl    = {http://dblp.uni-trier.de/rec/bib/conf/ACMdis/CurmiFW14a},
  bibsource = {dblp computer science bibliography, http://dblp.org}
}

@proceedings{DBLP:conf/ACMdis/2014c,
  editor    = {Ron Wakkary and
               Steve Harrison and
               Carman Neustaedter and
               Shaowen Bardzell and
               Eric Paulos},
  title     = {Companion Publication of the 2014 {ACM} {SIGCHI} Conference on Designing
               Interactive Systems Conference, {DIS} '14, Vancouver, BC, Canada,
               June 21-25, 2014},
  publisher = {{ACM}},
  year      = {2014},
  url       = {http://dl.acm.org/citation.cfm?id=2598784},
  isbn      = {978-1-4503-2903-3},
  timestamp = {Tue, 24 Jun 2014 08:33:23 +0200},
  biburl    = {http://dblp.uni-trier.de/rec/bib/conf/ACMdis/2014c},
  bibsource = {dblp computer science bibliography, http://dblp.org}
}

@inproceedings{DBLP:conf/esws/EkaputraSSB14,
  author    = {Fajar J. Ekaputra and
               Marta Sabou and
               Estefan{\'{\i}}a Serral and
               Stefan Biffl},
  title     = {Supporting Information Sharing for Re-Use and Analysis of Scientific
               Research Publication Data},
  booktitle = {Proceedings of the 4th Workshop on Semantic Publishing co-located
               with the 11th Extended Semantic Web Conference {(ESWC} 2014), Anissaras,
               Greece, May 25th, 2014.},
  year      = {2014},
  crossref  = {DBLP:conf/esws/2014sepublica},
  url       = {http://ceur-ws.org/Vol-1155/paper-06.pdf},
  timestamp = {Sat, 14 Jun 2014 19:44:04 +0200},
  biburl    = {http://dblp.uni-trier.de/rec/bib/conf/esws/EkaputraSSB14},
  bibsource = {dblp computer science bibliography, http://dblp.org}
}

@proceedings{DBLP:conf/esws/2014sepublica,
  editor    = {Alexander Garc{\'{\i}}a Castro and
               Christoph Lange and
               Phillip W. Lord and
               Robert Stevens},
  title     = {Proceedings of the 4th Workshop on Semantic Publishing co-located
               with the 11th Extended Semantic Web Conference {(ESWC} 2014), Anissaras,
               Greece, May 25th, 2014},
  series    = {{CEUR} Workshop Proceedings},
  volume    = {1155},
  publisher = {CEUR-WS.org},
  year      = {2014},
  url       = {http://ceur-ws.org/Vol-1155},
  timestamp = {Sat, 14 Jun 2014 19:42:30 +0200},
  biburl    = {http://dblp.uni-trier.de/rec/bib/conf/esws/2014sepublica},
  bibsource = {dblp computer science bibliography, http://dblp.org}
}

@article{DBLP:journals/ijdc/DoornDH13,
  author    = {Peter Doorn and
               Ingrid Dillo and
               Ren{\'{e}} van Horik},
  title     = {Lies, Damned Lies and Research Data: Can Data Sharing Prevent Data
               Fraud?},
  journal   = {{IJDC}},
  volume    = {8},
  number    = {1},
  pages     = {229--243},
  year      = {2013},
  url       = {http://dx.doi.org/10.2218/ijdc.v8i1.256},
  doi       = {10.2218/ijdc.v8i1.256},
  timestamp = {Wed, 24 Jul 2013 10:02:53 +0200},
  biburl    = {http://dblp.uni-trier.de/rec/bib/journals/ijdc/DoornDH13},
  bibsource = {dblp computer science bibliography, http://dblp.org}
}

@article{DBLP:journals/ijdc/GrootveldE12,
  author    = {Marjan Grootveld and
               Jeff van Egmond},
  title     = {Peer-Reviewed Open Research Data: Results of a Pilot},
  journal   = {{IJDC}},
  volume    = {7},
  number    = {2},
  pages     = {81--91},
  year      = {2012},
  url       = {http://dx.doi.org/10.2218/ijdc.v7i2.231},
  doi       = {10.2218/ijdc.v7i2.231},
  timestamp = {Mon, 29 Apr 2013 17:08:58 +0200},
  biburl    = {http://dblp.uni-trier.de/rec/bib/journals/ijdc/GrootveldE12},
  bibsource = {dblp computer science bibliography, http://dblp.org}
}

@article{wicherts2011willingness,
  title={Willingness to share research data is related to the strength of the evidence and the quality of reporting of statistical results},
  author={Wicherts, Jelte M and Bakker, Marjan and Molenaar, Dylan},
  journal={PloS one},
  volume={6},
  number={11},
  pages={e26828},
  year={2011},
  publisher={Public Library of Science}
}

@book{DBLP:series/synthesis/2010Rajasekar,
  author    = {Arcot Rajasekar and
               Reagan Moore and
               Chien{-}Yi Hou and
               Christopher A. Lee and
               Richard Marciano and
               Antoine de Torcy and
               Michael Wan and
               Wayne Schroeder and
               Sheau{-}Yen Chen and
               Lucas Gilbert and
               Paul Tooby and
               Bing Zhu},
  title     = {iRODS Primer: Integrated Rule-Oriented Data System},
  booktitle = {iRODS Primer: Integrated Rule-Oriented Data System},
  series    = {Synthesis Lectures on Information Concepts, Retrieval, and Services},
  publisher = {Morgan {\&} Claypool Publishers},
  year      = {2010},
  url       = {http://dx.doi.org/10.2200/S00233ED1V01Y200912ICR012},
  doi       = {10.2200/S00233ED1V01Y200912ICR012},
  timestamp = {Sat, 04 Sep 2010 12:19:07 +0200},
  biburl    = {http://dblp.uni-trier.de/rec/bib/series/synthesis/2010Rajasekar},
  bibsource = {dblp computer science bibliography, http://dblp.org}
}

@book{DBLP:books/ms/4paradigm09,
  editor    = {Tony Hey and
               Stewart Tansley and
               Kristin M. Tolle},
  title     = {The Fourth Paradigm: Data-Intensive Scientific Discovery},
  publisher = {Microsoft Research},
  year      = {2009},
  url       = {http://research.microsoft.com/en-us/collaboration/fourthparadigm/},
  isbn      = {978-0982544204},
  timestamp = {Thu, 22 Sep 2011 19:32:10 +0200},
  biburl    = {http://dblp.uni-trier.de/rec/bib/books/ms/4paradigm09},
  bibsource = {dblp computer science bibliography, http://dblp.org}
}

@article{winn2013open,
  title={Open data and the academy: An evaluation of CKAN for research data management},
  author={Winn, Joss and others},
  year={2013}
}

@article{DBLP:journals/fini/PolineBGGHHHHKMPSAK12,
  author    = {Jean{-}Baptiste Poline and
               Janis L. Breeze and
               Satrajit S. Ghosh and
               Krzysztof J. Gorgolewski and
               Yaroslav O. Halchenko and
               Michael Hanke and
               Christian Haselgrove and
               Karl G. Helmer and
               David B. Keator and
               Daniel S. Marcus and
               Russell A. Poldrack and
               Yannick Schwartz and
               John Ashburner and
               David N. Kennedy},
  title     = {Data sharing in neuroimaging research},
  journal   = {Front. Neuroinform.},
  volume    = {2012},
  year      = {2012},
  url       = {http://dx.doi.org/10.3389/fninf.2012.00009},
  doi       = {10.3389/fninf.2012.00009},
  timestamp = {Thu, 18 Dec 2014 17:09:26 +0100},
  biburl    = {http://dblp.uni-trier.de/rec/bib/journals/fini/PolineBGGHHHHKMPSAK12},
  bibsource = {dblp computer science bibliography, http://dblp.org}
}

@article{knoppers2011towards,
  title={Towards a data sharing Code of Conduct for international genomic research},
  author={Knoppers, Bartha Maria and Harris, Jennifer R and Tass{\'e}, Anne Marie and Budin-Lj{\o}sne, Isabelle and Kaye, Jane and Desch{\^e}nes, Myl{\`e}ne and Zawati, Ma'n H},
  journal={Genome Med},
  volume={3},
  number={7},
  pages={46},
  year={2011}
}

@article{cragin2010data,
  title={Data sharing, small science and institutional repositories},
  author={Cragin, Melissa H and Palmer, Carole L and Carlson, Jacob R and Witt, Michael},
  journal={Philosophical Transactions of the Royal Society of London A: Mathematical, Physical and Engineering Sciences},
  volume={368},
  number={1926},
  pages={4023--4038},
  year={2010},
  publisher={The Royal Society}
}

@article{DBLP:journals/fgcs/RoureGS09,
  author    = {David De Roure and
               Carole A. Goble and
               Robert Stevens},
  title     = {The design and realisation of the my\({}_{\mbox{Experiment}}\) Virtual
               Research Environment for social sharing of workflows},
  journal   = {Future Generation Comp. Syst.},
  volume    = {25},
  number    = {5},
  pages     = {561--567},
  year      = {2009},
  url       = {http://dx.doi.org/10.1016/j.future.2008.06.010},
  doi       = {10.1016/j.future.2008.06.010},
  timestamp = {Wed, 09 Sep 2009 11:26:39 +0200},
  biburl    = {http://dblp.uni-trier.de/rec/bib/journals/fgcs/RoureGS09},
  bibsource = {dblp computer science bibliography, http://dblp.org}
}

@article{kaye2012tension,
  title={The tension between data sharing and the protection of privacy in genomics research},
  author={Kaye, Jane},
  journal={Annual review of genomics and human genetics},
  volume={13},
  pages={415},
  year={2012},
  publisher={Europe PMC Funders}
}

@article{sutter2005free,
  title={The free lunch is over: A fundamental turn toward concurrency in software},
  author={Sutter, Herb},
  journal={Dr. Dobbâ€™s journal},
  volume={30},
  number={3},
  pages={202--210},
  year={2005}
}

@inproceedings{DBLP:conf/cloudcom/DemchenkoZGWL12,
  author    = {Yuri Demchenko and
               Zhiming Zhao and
               Paola Grosso and
               Adianto Wibisono and
               Cees de Laat},
  title     = {Addressing Big Data challenges for Scientific Data Infrastructure},
  booktitle = {4th {IEEE} International Conference on Cloud Computing Technology
               and Science Proceedings, CloudCom 2012, Taipei, Taiwan, December 3-6,
               2012},
  pages     = {614--617},
  year      = {2012},
  crossref  = {DBLP:conf/cloudcom/2012},
  url       = {http://dx.doi.org/10.1109/CloudCom.2012.6427494},
  doi       = {10.1109/CloudCom.2012.6427494},
  timestamp = {Tue, 02 Jun 2015 18:34:43 +0200},
  biburl    = {http://dblp.uni-trier.de/rec/bib/conf/cloudcom/DemchenkoZGWL12},
  bibsource = {dblp computer science bibliography, http://dblp.org}
}

@proceedings{DBLP:conf/cloudcom/2012,
  title     = {4th {IEEE} International Conference on Cloud Computing Technology
               and Science Proceedings, CloudCom 2012, Taipei, Taiwan, December 3-6,
               2012},
  publisher = {{IEEE} Computer Society},
  year      = {2012},
  url       = {http://ieeexplore.ieee.org/xpl/mostRecentIssue.jsp?punumber=6415464},
  isbn      = {978-1-4673-4511-8},
  timestamp = {Tue, 02 Jun 2015 18:34:42 +0200},
  biburl    = {http://dblp.uni-trier.de/rec/bib/conf/cloudcom/2012},
  bibsource = {dblp computer science bibliography, http://dblp.org}
}

@article{hjorland2014curating,
  title={Curating research data: The potential roles of libraries and information professionals},
  author={Hj{\o}rland, Hans J{\o}rn Nielsen and Helene H{\o}yrup, Birger and J{\o}rn Nielsen, Hans and Hj{\o}rland, Birger},
  journal={Journal of Documentation},
  volume={70},
  number={2},
  pages={221--240},
  year={2014},
  publisher={Emerald Group Publishing Limited}
}

@inproceedings{DBLP:journals/procedia/GorpM11,
  author    = {Pieter Van Gorp and
               Steffen Mazanek},
  title     = {{SHARE:} a web portal for creating and sharing executable research
               papers},
  booktitle = {Proceedings of the International Conference on Computational Science,
               {ICCS} 2011, Nanyang Technological University, Singapore, 1-3 June,
               2011},
  pages     = {589--597},
  year      = {2011},
  crossref  = {DBLP:conf/iccS/2011},
  url       = {http://dx.doi.org/10.1016/j.procs.2011.04.062},
  doi       = {10.1016/j.procs.2011.04.062},
  timestamp = {Mon, 11 May 2015 16:37:28 +0200},
  biburl    = {http://dblp.uni-trier.de/rec/bib/journals/procedia/GorpM11},
  bibsource = {dblp computer science bibliography, http://dblp.org}
}

@proceedings{DBLP:conf/iccS/2011,
  editor    = {Mitsuhisa Sato and
               Satoshi Matsuoka and
               Peter M. A. Sloot and
               G. Dick van Albada and
               Jack Dongarra},
  title     = {Proceedings of the International Conference on Computational Science,
               {ICCS} 2011, Nanyang Technological University, Singapore, 1-3 June,
               2011},
  series    = {Procedia Computer Science},
  volume    = {4},
  publisher = {Elsevier},
  year      = {2011},
  url       = {http://www.sciencedirect.com/science/journal/18770509/4},
  timestamp = {Mon, 11 May 2015 16:37:28 +0200},
  biburl    = {http://dblp.uni-trier.de/rec/bib/conf/iccS/2011},
  bibsource = {dblp computer science bibliography, http://dblp.org}
}

@book{fienberg1985sharing,
  title={Sharing research data},
  author={Fienberg, Stephen E and Martin, Margaret E and Straf, Miron L and others},
  year={1985},
  publisher={National Academies}
}

@article{DBLP:journals/jbi/HarrisTTPGC09,
  author    = {Paul A. Harris and
               Robert Taylor and
               Robert Thielke and
               Jonathon Payne and
               Nathaniel Gonzalez and
               Jose G. Conde},
  title     = {Research electronic data capture (REDCap) - {A} metadata-driven methodology
               and workflow process for providing translational research informatics
               support},
  journal   = {Journal of Biomedical Informatics},
  volume    = {42},
  number    = {2},
  pages     = {377--381},
  year      = {2009},
  url       = {http://dx.doi.org/10.1016/j.jbi.2008.08.010},
  doi       = {10.1016/j.jbi.2008.08.010},
  timestamp = {Fri, 25 Sep 2009 08:21:04 +0200},
  biburl    = {http://dblp.uni-trier.de/rec/bib/journals/jbi/HarrisTTPGC09},
  bibsource = {dblp computer science bibliography, http://dblp.org}
}

@article{DBLP:journals/libt/Witt08,
  author    = {Michael Witt},
  title     = {Institutional Repositories and Research Data Curation in a Distributed
               Environment},
  journal   = {Library Trends},
  volume    = {57},
  number    = {2},
  pages     = {191--201},
  year      = {2008},
  url       = {http://dx.doi.org/10.1353/lib.0.0029},
  doi       = {10.1353/lib.0.0029},
  timestamp = {Wed, 23 Jan 2013 17:34:10 +0100},
  biburl    = {http://dblp.uni-trier.de/rec/bib/journals/libt/Witt08},
  bibsource = {dblp computer science bibliography, http://dblp.org}
}

@inproceedings{DBLP:conf/ercimdl/Martinez-UribeM09,
  author    = {Luis Martinez{-}Uribe and
               Stuart Macdonald},
  title     = {User Engagement in Research Data Curation},
  booktitle = {Research and Advanced Technology for Digital Libraries, 13th European
               Conference, {ECDL} 2009, Corfu, Greece, September 27 - October 2,
               2009. Proceedings},
  pages     = {309--314},
  year      = {2009},
  crossref  = {DBLP:conf/ercimdl/2009},
  url       = {http://dx.doi.org/10.1007/978-3-642-04346-8_30},
  doi       = {10.1007/978-3-642-04346-8_30},
  timestamp = {Wed, 07 Oct 2009 15:42:19 +0200},
  biburl    = {http://dblp.uni-trier.de/rec/bib/conf/ercimdl/Martinez-UribeM09},
  bibsource = {dblp computer science bibliography, http://dblp.org}
}

@proceedings{DBLP:conf/ercimdl/2009,
  editor    = {Maristella Agosti and
               Jos{\'{e}} Luis Borbinha and
               Sarantos Kapidakis and
               Christos Papatheodorou and
               Giannis Tsakonas},
  title     = {Research and Advanced Technology for Digital Libraries, 13th European
               Conference, {ECDL} 2009, Corfu, Greece, September 27 - October 2,
               2009. Proceedings},
  series    = {Lecture Notes in Computer Science},
  volume    = {5714},
  publisher = {Springer},
  year      = {2009},
  url       = {http://dx.doi.org/10.1007/978-3-642-04346-8},
  doi       = {10.1007/978-3-642-04346-8},
  isbn      = {978-3-642-04345-1},
  timestamp = {Wed, 07 Oct 2009 15:42:17 +0200},
  biburl    = {http://dblp.uni-trier.de/rec/bib/conf/ercimdl/2009},
  bibsource = {dblp computer science bibliography, http://dblp.org}
}

@article{borgman2010research,
  title={Research Data: Who will share what, with whom, when, and why?},
  author={Borgman, Christine L},
  year={2010},
  publisher={RatSWD Working Paper}
}

@article{heidorn2011emerging,
  title={The emerging role of libraries in data curation and e-science},
  author={Heidorn, P Bryan},
  journal={Journal of Library Administration},
  volume={51},
  number={7-8},
  pages={662--672},
  year={2011},
  publisher={Taylor \& Francis}
}

@article{denny2015developing,
  title={Developing Ethical Practices for Public Health Research Data Sharing in South Africa The Views and Experiences From a Diverse Sample of Research Stakeholders},
  author={Denny, Spencer G and Silaigwana, Blessing and Wassenaar, Douglas and Bull, Susan and Parker, Michael},
  journal={Journal of Empirical Research on Human Research Ethics},
  volume={10},
  number={3},
  pages={290--301},
  year={2015},
  publisher={SAGE Publications}
}

@article{lynch2008big,
  title={Big data: How do your data grow?},
  author={Lynch, Clifford},
  journal={Nature},
  volume={455},
  number={7209},
  pages={28--29},
  year={2008},
  publisher={Nature Publishing Group}
}

@misc{EC96,
  author =	 {{European Commission}},
  title =	 {Strategic Developments for the European Publishing
                  Industry towards the Year 2000 - Europe's Multimedia
                  Challenge},
  year =	 1996
}


@misc{ipdcforum_def,
  title =	 {About {IP} Datacasting - Overview},
  author =	 {{IPDC} Forum},
  year =     {2004},
  note =	 {{WWW} page of the IPDC Forum:
                  \url{http://www.bmcoforum.org/index.php?id=6}. Accessed
                   18 Feb 2004.}
}

@misc{RFC3550,
  author =	 {H. Schulzrinne and S. Casner and R. Frederic and
                  V. Jacobson},
  title =	 {{RFC} 3550: {RTP}: A Transport Protocol for Real-Time
                  Applications},
  insitution =	 {{IETF}},
  year =	 2003,
  month =	 {Jul},
  note =	 {Status: DRAFT STANDARD}
}

@techreport{IDReqNom03,
  author =	 {Y. Nomura and R. Walsh and J. Ott and
                  H. Schulzrinne},
  title =	 {Protocol Requirements for Internet Media Guides},
  institution =	 {{IETF}},
  year =	 {2003},
  type =	 {Internet Draft},
  month =	 {Dec},
  note =	 {Work in progress. Expires June, 2004},
  description =	 {Now (Oct 2003) it seems as if the Electronic Service
                  Guide ESG used in IP Datacasting will be based on
                  IMG},
  abstract =	 {This memo specifies requirements for a protocol for
                  accessing and updating Internet Media Guide (IMG)
                  information for media-on-demand and multicast
                  applications. These requirements are designed to
                  guide development of an IMG protocol for efficient
                  and scalable delivery.},
  url =           {http://www.ietf.org/internet-drafts/draft-ietf-mmusic-img-req-02.txt}
}

@techreport{FerryProblem,
  author =	 {Mika G\"{o}\"{o}s and Tuukka Haapasalo and Leo Moisio},
  title =	 {Finding Hard Instances of the Ferry Problem},
  institution =	{Aalto {SCI}},
  year =	 {2010},
  type =	 {Course Report for the course {T-79.5203/S-72.2420} {G}raph Theory}
}

@phdthesis{HaapasaloThesis,
  author    = {Tuukka Haapasalo},
  title     = {Accessing Multiversion Data in Database Transactions},
  year      = {2010},
  school    = {Department of Computer Science and Engineering, Aalto University School of Science and Technology, Espoo, Finland},
  note      = {\url{http://lib.tkk.fi/Diss/2010/isbn9789526033600/}}
}

@misc{ThesisInstructions,
  author =   {{Aalto-yliopisto, Degree programme of Computer Science and Engineering}},
  title =    {Instruction pages: Diplomity\"{o}},
  year =     {2010},
  note =     {\url{http://information.tkk.fi/fi/opinnot/tietotekniikka/diplomityo/} (in Finnish),
              \url{http://information.tkk.fi/en/studies/cse/thesis/} (in English). Accessed 9.2.2011}
}

@misc{ThesisGrading,
  author =	 {{Aalto University, Helsinki University of Technology, Committee on Academic Affairs}},
  title =	 {Guidelines for Master's Thesis Evaluation},
  month =	 {December 4},
  year =	 2008,
  note =          {\url{http://www.tkk.fi/fi/opinnot/opintohallinto/paatokset/guidelinemastersthesisevaluation.pdf}
                  (in English), \url{http://www.tkk.fi/fi/opinnot/opintohallinto/paatokset/diplomityoarviointiohje.pdf}
                  (in Finnish).}
}

@misc{TeXLive,
  author =   {{TeX Users Group}},
  title =    {{TeX Live}},
  year =     {2010},
  note =     {\url{http://www.tug.org/texlive/}. Accessed 25.2.2011.}
}

@misc{MiKTeX,
  author =   {{Christian Schenk}},
  title =    {{MiKTeX}},
  year =     {2010},
  note =     {\url{http://miktex.org/}. Accessed 25.2.2011.}
}


@misc{TeXlipse,
  author =   {Taavi Hupponen and Kimmo Karlsson and Jani Laitinen and Oskar Ojala and Antti Pirinen and Esa Seuranen and Laura Takkinen and von Loesch, Boris and Vestb{\o}, Tor Arne},
  title =    {{TeXlipse plugin for {E}clipse}},
  year =     {2010},
  note =     {\url{http://texlipse.sourceforge.net/}. Accessed 25.2.2011.}
}

@misc{Eclipse,
  author =   {{The Eclipse Foundation}},
  title =    {{Eclipse}},
  year =     {2011},
  note =     {\url{http://eclipse.org/}. Accessed 25.2.2011.}
}



@Misc{bibinstructions,
  author =	 {{Aalto University Library}},
  title =	 {Making a bibliography},
  howpublished = {webpage},
  month =	 {March 2},
  year =	 2011,
  note =     {\url{http://otalib.aalto.fi/en/instructions/guides/citations/bibliography/}. Accessed
                  4.2.2011},
  annote =	 {Introduction how to make bibliography either with
                  Harvard or Vancouver style}
}

@Misc{howfindinfo,
  author =	 {{Aalto University Library}},
  howpublished = {webpage},
  month =	 {March 2},
  year =	 2011,
  note =	 {How to find - brief guide to finding
                  publications and information. Accessed 4.3.2011},
  annote =	 {Introduction where in the library systems different
                  kind of publications are stored}
}

% Multiversion B-tree (MVBT)
@article{becker:1996:mvbt,
  author    = {B. Becker and S. Gschwind and T. Ohler and Bernhard Seeger and Peter Widmayer},
  title     = {{An asymptotically optimal multiversion B-tree}},
  journal   = {The VLDB Journal},
  volume    = 5,
  number    = 4,
  year      = 1996,
  pages     = {264--275}
}

% Transactional multiversion B-tree
@inproceedings{haapasalo:2009:tmvbt,
  author    = {Tuukka Haapasalo and Ibrahim Jaluta and Bernhard Seeger and Seppo Sippu and Eljas Soisalon-Soininen},
  title     = {Transactions on the multiversion {B$^+$}-tree},
  year      = {2009},
  booktitle = {Proceedings of the 12th Conference in Extending Database Technology},
  pages     = {1064--1075}
}
